@misc{ref1,
  author = {OWASP Foundation},
  title = {OWASP Web Security Testing Guide (WSTG) v4.2},
  year = {2023}
}

@misc{ref2,
  author = {OWASP Foundation},
  title = {OWASP Top 10: 2021},
  year = {2021}
}

@misc{ref3,
  author = {NIST},
  title = {SP 800-53 Rev. 5: Security and Privacy Controls for Information Systems and Organizations},
  year = {2020}
}

@misc{ref4,
  author = {NIST},
  title = {SP 800-218: Secure Software Development Framework (SSDF)},
  year = {2022}
}

@misc{ref5,
  author = {IETF},
  title = {RFC 6454: The Web Origin Concept},
  year = {2011}
}

@misc{ref6,
  author = {OWASP},
  title = {CORS Misconfiguration Cheat Sheet},
  year = {2023}
}

@misc{ref7,
  author = {MDN Web Docs},
  title = {HTTP Access-Control-Allow-Origin Header},
  year = {2024},
  publisher = {Mozilla}
}

@misc{ref8,
  author = {OWASP},
  title = {WSTG-CLNT-07: Testing Service Workers, in Web Security Testing Guide v4.2},
  year = {2023}
}

@misc{ref9,
  author = {Google Developers},
  title = {Service Workers: an Introduction},
  year = {2023}
}

@misc{ref10,
  author = {OWASP},
  title = {Dependency-Check Project Documentation},
  year = {2023}
}

@misc{ref11,
  author = {GitHub Security Lab},
  title = {GitHub Advisory Database},
  year = {2024}
}

@misc{ref12,
  author = {OWASP},
  title = {Secrets Management Cheat Sheet},
  year = {2023}
}

@misc{ref13,
  author = {NIST},
  title = {SP 800-57: Recommendation for Key Management},
  year = {2021}
}

@misc{ref14,
  author = {GitGuardian},
  title = {Detecting Hardcoded Secrets in Frontend Code},
  year = {2024},
  note = {Technical Blog}
}

@misc{ref15,
  author = {Microsoft},
  title = {Best Practices for Storing and Managing API Keys},
  year = {2023}
}

@misc{ref16,
  author = {Base44 Documentation},
  title = {Platform Deployment and Hosting Overview},
  year = {2024}
}

@misc{ref17,
  author = {Cloudflare},
  title = {What Is Edge Computing?},
  year = {2024},
  note = {Cloudflare Learning Center}
}

@misc{ref18,
  author = {NIST},
  title = {SP 800-190: Application Container Security Guide},
  year = {2017}
}

@misc{ref19,
  author = {OWASP Foundation},
  title = {OWASP Secure Headers Project},
  year = {2023}
}

@misc{ref20,
  author = {PortSwigger},
  title = {Exposed Source Maps Security Advisory},
  year = {2023}
}

@misc{ref21,
  author = {OWASP},
  title = {A05:2021 - Security Misconfiguration, OWASP Top 10: 2021},
  year = {2021}
}

@misc{ref22,
  author = {Base44 Community Forum},
  title = {Security and Source Map Exposure Threads},
  year = {2024}
}

@misc{ref23,
  author = {OWASP},
  title = {Zed Attack Proxy (ZAP) User Guide},
  year = {2023}
}

@misc{ref24,
  author = {Mozilla Developer Network},
  title = {HTTP Security Headers Reference},
  year = {2024}
}

@misc{ref25,
  author = {OWASP Cheat Sheets Series},
  title = {Content Security Policy (CSP)},
  year = {2023}
}

@misc{ref26,
  author = {Akamai Technologies},
  title = {CDN Caching and Invalidation Strategies},
  year = {2023}
}

@misc{ref27,
  author = {Cloudflare},
  title = {Understanding CDN Cache Propagation Delays},
  year = {2024},
  note = {Technical Note}
}

@misc{ref28,
  author = {NIST},
  title = {SP 800-61 Rev. 2: Computer Security Incident Handling Guide},
  year = {2021}
}

%% Ana - novas referencias adicionadas 
@misc{ref37,
  author       = {IEEE Computer Society},
  title        = {Guide to the Software Engineering Body of Knowledge (SWEBOK Guide), Version 4.0},
  year         = {2024},
  note         = {Recuperado em 19 de outubro de 2025, de \url{https://www.computer.org/education/bodies-of-knowledge/software-engineering}}
}

%% Jéssica - novas referencias adicionadas
@misc{ref29,
  author       = {Nguyen, T. K. and Hwang, S. O.},
  title        = {Large-scale detection of DOM-based XSS based on publisher and subscriber model},
  year         = {2016},
  note         = {In 2016 International Conference on Computational Science and Computational Intelligence (CSCI) (pp. 975-980). IEEE. Recuperado de \url{https://doi.org/10.1109/CSCI.2016.0187}}
}

@misc{ref30,
  author       = {Melicher, W. and Das, A. and Sharif, M. and Bauer, L. and Jia, L.},
  title        = {Riding out DOMsday: Towards detecting and preventing DOM cross-site scripting},
  year         = {2018},
  note         = {In Proceedings of the 2018 Network and Distributed System Security Symposium (NDSS). Internet Society.}
}

@misc{ref31,
  author       = {Wang, P. and Gu{\dh}mundsson, B. {\'A}. and Kotowicz, K.},
  title        = {Adopting Trusted Types in production web frameworks to prevent DOM-based cross-site scripting: A case study},
  year         = {2021},
  note         = {In 2021 IEEE European Symposium on Security and Privacy Workshops (EuroSPW) (pp. 60--73). IEEE. Recuperado de \url{https://doi.org/10.1109/EuroSPW54576.2021.00013}}
}

@misc{ref32,
  author       = {Kalantari, Faezeh and Zaeifi, Mehrnoosh and Bao, Tiffany and Wang, Ruoyu and Shoshitaishvili, Yan and Doupé, Adam},
  title        = {Context-Auditor: Context-sensitive Content Injection Mitigation},
  year         = {2022},
  note         = {In Proceedings of the 25th International Symposium on Research in Attacks, Intrusions and Defenses (RAID '22). Association for Computing Machinery, New York, NY, USA, 431-445. Recuperado de \url{https://doi.org/10.1145/3545948.3545992}}
}

@misc{ref33,
  author       = {Melicher, William and Fung, Clement and Bauer, Lujo and Jia, Limin},
  title        = {Towards a Lightweight, Hybrid Approach for Detecting DOM XSS Vulnerabilities with Machine Learning},
  year         = {2021},
  note         = {In Proceedings of the Web Conference 2021 (WWW '21). Association for Computing Machinery, New York, NY, USA, 2684-2695. Recuperado de \url{https://doi.org/10.1145/3442381.3450062}}
}

@misc{ref34,
  author       = {Khodayari, S. and Glauber, K. and Pellegrino, G.},
  title        = {Do (Not) Follow the White Rabbit: Challenging the Myth of Harmless Open Redirection},
  year         = {2025},
  note         = {In Proceedings of the Network and Distributed System Security Symposium (NDSS). Internet Society.}
}

@misc{ref35,
  author       = {WNE Security},
  title        = {How hackers exploit open redirects to bypass security filters},
  year         = {2025},
  note         = {Recuperado em 18 de outubro de 2025, de \url{https://wnesecurity.com/how-hackers-exploit-open-redirects-to-bypass-security-filters/}}
}

@misc{ref36,
  author       = {Microsoft},
  title        = {Prevent open redirect attacks in ASP.NET Core},
  year         = {2025},
  note         = {Microsoft Learn. Recuperado em 18 de outubro de 2025, de \url{https://learn.microsoft.com/en-us/aspnet/core/security/preventing-open-redirects?view=aspnetcore-9.0}}
}

@misc{ref38,
  author       = {Banu, S. and Deepthi, S.},
  title        = {Detecting, Analyzing, and Evaluation of Vulnerabilities Using Metasploitable},
  year         = {2023},
  note         = {Springer.}
}

@misc{ref39,
  author       = {Ponta, S. E. and others},
  title        = {Detection, assessment and mitigation of vulnerabilities in open source dependencies},
  year         = {2020},
  note         = {Springer.}
}

@misc{ref40,
  author       = {Sindhwad, S. and others},
  title        = {VulnArmor: mitigating software vulnerabilities with code resolution and detection techniques},
  year         = {2024},
  note         = {Springer.}
}

@misc{ref41,
  author       = {Nath, V.},
  title        = {Vulnerability Assessment Methods - A Review},
  year         = {2011},
  note         = {Springer.}
}

%% Katia
@misc{ref42,
  author       = {Mozilla Developer Network (MDN)},
  title        = {Using Source Maps},
  year         = {2024},
  howpublished = {\url{https://developer.mozilla.org/en-US/docs/Tools/Debugger/How_to/Use_a_source_map}},
  note         = {[Online]}
}

@misc{ref43,
  author       = {MITRE Corporation},
  title        = {CWE-200: Exposure of Sensitive Information to an Unauthorized Actor},
  year         = {2024},
  howpublished = {\url{https://cwe.mitre.org/data/definitions/200.html}},
  note         = {[Online]}
}

@misc{ref44,
  author       = {Microsoft},
  title        = {STRIDE Threat Modeling Framework},
  year         = {2023},
  howpublished = {\url{https://learn.microsoft.com/en-us/azure/security/develop/threat-modeling-tool-threats}},
  note         = {[Online]}
}

@misc{ref45,
  author       = {National Institute of Standards and Technology (NIST)},
  title        = {SP 800-160 Vol. 1 Rev. 1: Systems Security Engineering},
  year         = {2023},
  howpublished = {\url{https://csrc.nist.gov/publications/detail/sp/800-160/vol-1/rev-1/final}},
  note         = {[Online]}
}

@misc{ref46,
  author       = {FIRST},
  title        = {Common Vulnerability Scoring System v3.1: Specification Document},
  year         = {2019},
  howpublished = {\url{https://www.first.org/cvss/specification-document}},
  note         = {[Online]}
}

@book{ref47,
  author       = {C. P. Pfleeger and S. L. Pfleeger},
  title        = {Security in Computing},
  edition      = {5th},
  publisher    = {Pearson},
  year         = {2015}
}

@misc{ref48,
  author       = {E. Rescorla},
  title        = {The Transport Layer Security (TLS) Protocol Version 1.3 (RFC 8446)},
  institution  = {IETF},
  year         = {2018},
  howpublished = {\url{https://datatracker.ietf.org/doc/html/rfc8446}},
  note         = {[Online]}
}

@misc{ref49,
  author       = {Mozilla Developer Network (MDN)},
  title        = {Mixed Content},
  year         = {2024},
  howpublished = {\url{https://developer.mozilla.org/en-US/docs/Web/Security/Mixed_content}},
  note         = {[Online]}
}

@misc{ref50,
  author       = {World Wide Web Consortium (W3C)},
  title        = {Mixed Content Specification},
  year         = {2016},
  howpublished = {\url{https://www.w3.org/TR/mixed-content/}},
  note         = {[Online]}
}

@misc{ref51,
  author       = {OWASP Foundation},
  title        = {Secure Coding Practices – Quick Reference Guide},
  year         = {2022},
  howpublished = {\url{https://owasp.org/www-project-secure-coding-practices-quick-reference-guide/}},
  note         = {[Online]}
}

@misc{ref52,
  author       = {J. Hodges and C. Jackson and A. Barth},
  title        = {HTTP Strict Transport Security (HSTS) – RFC 6797},
  institution  = {IETF},
  year         = {2012},
  howpublished = {\url{https://datatracker.ietf.org/doc/html/rfc6797}},
  note         = {[Online]}
}
